@INPROCEEDINGS{aerial_manipulator_1,
author={A. E. Jimenez-Cano and J. Martin and G. Heredia and A. Ollero and R. Cano},
booktitle={2013 IEEE International Conference on Robotics and Automation},
title={Control of an aerial robot with multi-link arm for assembly tasks},
year={2013},
pages={4916-4921},
keywords={autonomous aerial vehicles;manipulators;mobile robots;robotic assembly;three-term control;PID controllers;aerial manipulators;aerial platform;aerial robot control;assembly tasks;quadrotor;robotic multilink arm;unmanned aerial vehicle;variable parameter integral backstepping controller;Attitude control;Backstepping;Manipulator dynamics;Sensors;Standards;Aerial robotics;aerial manipulation;quadrotor nonlinear control},
doi={10.1109/ICRA.2013.6631279},
ISSN={1050-4729},
month={May},}

@ARTICLE{aerial_manipulator_2,
author={P. M. Dames and M. Schwager and D. Rus and V. Kumar},
journal={IEEE Robotics and Automation Letters},
title={Active Magnetic Anomaly Detection Using Multiple Micro Aerial Vehicles},
year={2016},
volume={1},
number={1},
pages={153-160},
keywords={Magnetometers;Multi-robot systems;Robot sensing systems;Sensor phenomena and characterization;Networked Robots;Networked robots;Probability and Statistical Methods;Reactive and Sensor-Based Planning;probability and statistical methods;reactive and sensor-based planning},
doi={10.1109/LRA.2015.2511444},
ISSN={2377-3766},
month={Jan},}

@article{zhao_ar,
title={Transformable multirotor with two-dimensional multilinks: modeling, control, and motion planning for aerial transformation},
author={Zhao, Moju and Kawasaki, Koji and Okada, Kei and Inaba, Masayuki},
journal={Advanced Robotics},
volume={30},
number={13},
pages={825--845},
year={2016},
publisher={Taylor \& Francis}
}

@inproceedings{eth-juggling,
title={A computationally efficient algorithm for state-to-state quadrocopter trajectory generation and feasibility verification},
author={Mueller, Mark W and Hehn, Markus and D'Andrea, Raffaello},
booktitle={Intelligent Robots and Systems (IROS), 2013 IEEE/RSJ International Conference on},
pages={3480--3486},
year={2013},
organization={IEEE}
}

@inproceedings{zhao_iser,
title={Transformable Multirotor with Two-Dimensional Multilinks: Modeling, Control, and Whole-Body Aerial Manipulation},
author={Zhao, Moju and Kawasaki, Koji and Chen, Xiangyu and Kakiuchi, Yohei and Okada, Kei and Inaba, Masayuki},
booktitle={International Symposium on Experimental Robotics},
pages={515--524},
year={2016},
organization={Springer}
}